%%
@techreport{salari2000-MMS,
  title={Code verification by the method of manufactured solutions},
  author={Salari, Kambiz and Knupp, Patrick},
  year={2000},
  institution={Sandia National Labs., Albuquerque, NM (US); Sandia National Labs., Livermore, CA (US)}
 }

@article{masud2004multiscale,
  title={A multiscale/stabilized finite element method for the advection--diffusion equation},
  author={Masud, A and Khurram, RA},
  journal={Computer Methods in Applied Mechanics and Engineering},
  volume={193},
  number={21-22},
  pages={1997--2018},
  year={2004},
  publisher={Elsevier}
 }
  
 @incollection{schafer1996benchmark,
  title={Benchmark computations of laminar flow around a cylinder},
  author={Sch{\"a}fer, Michael and Turek, Stefan and Durst, Franz and Krause, Egon and Rannacher, Rolf},
  booktitle={Flow simulation with high-performance computers II},
  pages={547--566},
  year={1996},
  publisher={Springer}
}

@article{masud2006multiscale,
  title={A multiscale finite element method for the incompressible Navier--Stokes equations},
  author={Masud, A and Khurram, RA},
  journal={Computer Methods in Applied Mechanics and Engineering},
  volume={195},
  number={13-16},
  pages={1750--1777},
  year={2006},
  publisher={Elsevier}
}

@manual{comsol5.3,
 title={Introduction to COMSOL Multiphysics, version 5.3},
 organization={Comsol Inc.},
 ={https://cdn.comsol.com/documentation/5.3.0.316/IntroductionToCOMSOLMultiphysics.pdf}
}

@article{masud2009variational,
  title={A variational multiscale stabilized formulation for the incompressible Navier--Stokes equations},
  author={Masud, Arif and Calderer, Ramon},
  journal={Computational Mechanics},
  volume={44},
  number={2},
  pages={145--160},
  year={2009},
  publisher={Springer}
}

@article{brooks1982streamline,
  title={Streamline upwind/Petrov-Galerkin formulations for convection dominated flows with particular emphasis on the incompressible Navier-Stokes equations},
  author={Brooks, Alexander N and Hughes, Thomas JR},
  journal={Computer methods in applied mechanics and engineering},
  volume={32},
  number={1-3},
  pages={199--259},
  year={1982},
  publisher={Elsevier}
}